%% This BibTeX bibliography file was created using BibDesk.
%% http://bibdesk.sourceforge.net/


%% Created for prevole at 2011-05-25 22:22:22 +0200 


%% Saved with string encoding Unicode (UTF-8) 



@book{schwaber_agile_2002,
	Address = {Upper Saddle River, {NJ}},
	Author = {Ken. Schwaber and Mike. Beedle},
	Date-Added = {2011-05-25 22:18:41 +0200},
	Date-Modified = {2011-05-25 22:18:41 +0200},
	Isbn = {0130676349 9780130676344},
	Publisher = {Prentice Hall},
	Title = {Agile software development with Scrum},
	Year = {2002}}

@misc{subversion,
	Date-Added = {2011-05-24 23:11:33 +0200},
	Date-Modified = {2011-05-24 23:11:46 +0200},
	Howpublished = {http://subversion.apache.org/},
	Title = {Apache Subversion},
	Url = {http://subversion.apache.org/},
	Bdsk-Url-1 = {http://subversion.apache.org/}}

@misc{jpa,
	Date-Added = {2011-05-24 23:11:33 +0200},
	Date-Modified = {2011-05-24 23:11:42 +0200},
	Howpublished = {{http://en.wikipedia.org/wiki/Java\_Persistence\_API}},
	Title = {Java Persistence {API} - Wikipedia, the free encyclopedia},
	Url = {http://en.wikipedia.org/wiki/Java_Persistence_API},
	Bdsk-Url-1 = {http://en.wikipedia.org/wiki/Java_Persistence_API}}

@misc{ruby,
	Date-Added = {2011-05-24 23:11:33 +0200},
	Date-Modified = {2011-05-24 23:11:38 +0200},
	Howpublished = {http://www.ruby-lang.org/en/},
	Title = {Ruby Programming Language},
	Url = {http://www.ruby-lang.org/en/},
	Bdsk-Url-1 = {http://www.ruby-lang.org/en/}}

@misc{ddl,
	Date-Added = {2011-05-24 23:04:59 +0200},
	Date-Modified = {2011-05-24 23:04:59 +0200},
	Howpublished = {{http://en.wikipedia.org/wiki/Data\_Definition\_Language}},
	Title = {Data Definition Language - Wikipedia, the free encyclopedia},
	Url = {http://en.wikipedia.org/wiki/Data_Definition_Language},
	Bdsk-Url-1 = {http://en.wikipedia.org/wiki/Data_Definition_Language}}

@misc{mysql,
	Date-Added = {2011-05-24 23:04:59 +0200},
	Date-Modified = {2011-05-24 23:04:59 +0200},
	Howpublished = {http://www.mysql.com/},
	Title = {{MySQL} :: The world's most popular open source database},
	Url = {http://www.mysql.com/},
	Bdsk-Url-1 = {http://www.mysql.com/}}

@misc{orm,
	Date-Added = {2011-05-24 23:00:32 +0200},
	Date-Modified = {2011-05-24 23:00:39 +0200},
	Howpublished = {{http://en.wikipedia.org/wiki/Object-relational\_mapping}},
	Title = {Object-relational mapping - Wikipedia, the free encyclopedia},
	Url = {http://en.wikipedia.org/wiki/Object-relational_mapping},
	Bdsk-Url-1 = {http://en.wikipedia.org/wiki/Object-relational_mapping}}

@misc{sql,
	Date-Added = {2011-05-24 23:00:32 +0200},
	Date-Modified = {2011-05-24 23:00:44 +0200},
	Howpublished = {{http://en.wikipedia.org/wiki/SQL}},
	Title = {{SQL} - Wikipedia, the free encyclopedia},
	Url = {http://en.wikipedia.org/wiki/SQL},
	Bdsk-Url-1 = {http://en.wikipedia.org/wiki/SQL}}

@misc{xml,
	Date-Added = {2011-05-24 22:51:45 +0200},
	Date-Modified = {2011-05-24 22:51:50 +0200},
	Howpublished = {{http://www.w3.org/XML/}},
	Title = {Extensible Markup Language {(XML)}},
	Url = {http://www.w3.org/XML/},
	Bdsk-Url-1 = {http://www.w3.org/XML/}}

@misc{ide,
	Date-Added = {2011-05-24 22:50:31 +0200},
	Date-Modified = {2011-05-24 22:50:37 +0200},
	Howpublished = {{http://en.wikipedia.org/wiki/Integrated\_development\_environment}},
	Title = {Integrated development environment - Wikipedia, the free encyclopedia},
	Url = {http://en.wikipedia.org/wiki/Integrated_development_environment},
	Bdsk-Url-1 = {http://en.wikipedia.org/wiki/Integrated_development_environment}}

@misc{fowler_continuous_integration,
	Abstract = {Continuous Integration is a software development practice where members of a team integrate their work frequently, usually each person integrates at least daily - leading to multiple integrations per day. Each integration is verified by an automated build (including test) to detect integration errors as quickly as possible. Many teams find that this approach leads to significantly reduced integration problems and allows a team to develop cohesive software more rapidly. This article is a quick overview of Continuous Integration summarizing the technique and its current usage.},
	Author = {Martin Fowler},
	Date-Added = {2011-05-24 22:48:10 +0200},
	Date-Modified = {2011-05-24 22:48:23 +0200},
	Howpublished = {{http://martinfowler.com/articles/continuousIntegration.html}},
	Journal = {Continuous Integration},
	Shorttitle = {Continuous Integration},
	Title = {Continuous Integration},
	Url = {http://martinfowler.com/articles/continuousIntegration.html},
	Bdsk-Url-1 = {http://martinfowler.com/articles/continuousIntegration.html}}

@misc{dbdeploy_source,
	Date-Added = {2011-05-24 22:46:15 +0200},
	Date-Modified = {2011-05-24 22:46:22 +0200},
	Howpublished = {http://code.google.com/p/dbdeploy/},
	Title = {dbdeploy - Java tools to manage agile database development - Google Project Hosting},
	Url = {http://code.google.com/p/dbdeploy/},
	Bdsk-Url-1 = {http://code.google.com/p/dbdeploy/}}

@misc{maven,
	Date-Added = {2011-05-24 22:45:10 +0200},
	Date-Modified = {2011-05-24 22:45:15 +0200},
	Howpublished = {http://maven.apache.org/},
	Title = {Maven - Welcome to Apache Maven},
	Url = {http://maven.apache.org/},
	Bdsk-Url-1 = {http://maven.apache.org/}}

@misc{smo,
	Date-Added = {2011-05-24 22:43:18 +0200},
	Date-Modified = {2011-05-24 22:43:21 +0200},
	Howpublished = {{http://yellowstone.cs.ucla.edu/schema-evolution/index.php/SMO}},
	Title = {{SMO} - Schema Evolution},
	Url = {http://yellowstone.cs.ucla.edu/schema-evolution/index.php/SMO},
	Bdsk-Url-1 = {http://yellowstone.cs.ucla.edu/schema-evolution/index.php/SMO}}

@misc{scrum,
	Date-Added = {2011-05-24 22:41:37 +0200},
	Date-Modified = {2011-05-24 22:41:42 +0200},
	Howpublished = {{http://en.wikipedia.org/wiki/Scrum\_(development)}},
	Title = {Scrum (development) - Wikipedia, the free encyclopedia},
	Url = {http://en.wikipedia.org/wiki/Scrum_(development)},
	Bdsk-Url-1 = {http://en.wikipedia.org/wiki/Scrum_(development)}}

@incollection{sadalage_agile_database,
	Affiliation = {ThoughtWorks, Inc. Data Architect and Lead DBA USA},
	Author = {Sadalage, Pramod and Schuh, Peter},
	Booktitle = {Extreme Programming and Agile Methods - XP/Agile Universe 2002},
	Date-Added = {2011-05-24 22:36:50 +0200},
	Date-Modified = {2011-05-24 22:56:14 +0200},
	Editor = {Wells, Don and Williams, Laurie},
	Pages = {181-203},
	Publisher = {Springer Berlin / Heidelberg},
	Series = {Lecture Notes in Computer Science},
	Title = {The Agile Database},
	Url = {http://dx.doi.org/10.1007/3-540-45672-4_32},
	Volume = {2418},
	Year = {2002},
	Bdsk-Url-1 = {http://dx.doi.org/10.1007/3-540-45672-4_32}}

@webpage{fowler_evolutionary,
	Abstract = {Over the last few years we've developed a number of techniques that allow a database design to evolve as an application develops. This is a very important capability for agile methodologies. The techniques rely on applying continuous integration and automated refactoring to database development, together with a close collaboration between {DBAs} and application developers. The techniques work in both pre-production and released systems.},
	Author = {Martin Fowler},
	Date-Added = {2011-05-24 22:33:01 +0200},
	Date-Modified = {2011-05-24 22:33:32 +0200},
	Howpublished = {{http://martinfowler.com/articles/evodb.html\#DealingWithChange}},
	Journal = {Evolutionary Database Design},
	Shorttitle = {Evolutionary Database Design},
	Title = {Evolutionary Database Design},
	Url = {http://martinfowler.com/articles/evodb.html#DealingWithChange},
	Bdsk-Url-1 = {http://martinfowler.com/articles/evodb.html#DealingWithChange}}

@inproceedings{Terwilliger:2010:WDU:1807167.1807316,
	Acmid = {1807316},
	Address = {New York, NY, USA},
	Author = {Terwilliger, James F. and Bernstein, Philip A. and Unnithan, Adi},
	Booktitle = {Proceedings of the 2010 international conference on Management of data},
	Date-Added = {2011-04-11 11:17:06 +0200},
	Date-Modified = {2011-04-11 11:17:06 +0200},
	Doi = {http://doi.acm.org/10.1145/1807167.1807316},
	Isbn = {978-1-4503-0032-2},
	Keywords = {model management, o-r mapping, schema evolution},
	Location = {Indianapolis, Indiana, USA},
	Numpages = {4},
	Pages = {1191--1194},
	Publisher = {ACM},
	Series = {SIGMOD '10},
	Title = {Worry-free database upgrades: automated model-driven evolution of schemas and complex mappings},
	Url = {http://doi.acm.org/10.1145/1807167.1807316},
	Year = {2010},
	Bdsk-Url-1 = {http://doi.acm.org/10.1145/1807167.1807316}}

@article{Dominguez2008419,
	Author = {Eladio Dominguez and Jorge Lloret and Angel L. Rubio and Maria A. Zapata},
	Date-Modified = {2011-04-17 14:29:18 +0200},
	Doi = {DOI: 10.1016/j.datak.2007.12.001},
	Issn = {0169-023X},
	Journal = {Data \& Knowledge Engineering},
	Keywords = {Database schemas evolution and maintenance},
	Number = {3},
	Pages = {419 - 441},
	Title = {MeDEA: A database evolution architecture with traceability},
	Url = {http://www.sciencedirect.com/science/article/B6TYX-4RFSCR0-1/2/0ee8652c87bff715cba5fdf9f3b0a472},
	Volume = {65},
	Year = {2008},
	Bdsk-Url-1 = {http://www.sciencedirect.com/science/article/B6TYX-4RFSCR0-1/2/0ee8652c87bff715cba5fdf9f3b0a472},
	Bdsk-Url-2 = {http://dx.doi.org/10.1016/j.datak.2007.12.001}}

@article{Hick2006534,
	Author = {Jean-Marc Hick and Jean-Luc Hainaut},
	Doi = {DOI: 10.1016/j.datak.2005.10.003},
	Issn = {0169-023X},
	Journal = {Data \& Knowledge Engineering},
	Keywords = {CASE tools},
	Note = {Including: ER 2003 - Selection of papers presented at the 22nd International Conference on Conceptual Modeling, 22nd International Conference on Conceptual Modeling},
	Number = {3},
	Pages = {534 - 558},
	Title = {Database application evolution: A transformational approach},
	Url = {http://www.sciencedirect.com/science/article/B6TYX-4HM7N1B-1/2/2fa3e2e4dd9e3158d9b062ba8f2e7cad},
	Volume = {59},
	Year = {2006},
	Bdsk-Url-1 = {http://www.sciencedirect.com/science/article/B6TYX-4HM7N1B-1/2/2fa3e2e4dd9e3158d9b062ba8f2e7cad},
	Bdsk-Url-2 = {http://dx.doi.org/10.1016/j.datak.2005.10.003}}

@misc{curino_prism_2011,
	Author = {Carlo A. Curino and Hyun J. Moon and Carlo Zaniolo},
	Howpublished = {{http://yellowstone.cs.ucla.edu/schema-evolution/index.php/Prism}},
	Journal = {Prism - Schema Evolution},
	Month = mar,
	Shorttitle = {Prism - Schema Evolution},
	Title = {Prism - Schema Evolution},
	Type = {Wiki},
	Url = {http://yellowstone.cs.ucla.edu/schema-evolution/index.php/Prism},
	Year = {2011},
	Bdsk-Url-1 = {http://yellowstone.cs.ucla.edu/schema-evolution/index.php/Prism}}

@misc{ambler_process_2011,
	Author = {Scott W. Ambler},
	Howpublished = {{http://www.agiledata.org/essays/databaseRefactoring.html}},
	Journal = {The Process of Database Refactoring: Strategies for Improving Database Quality},
	Month = mar,
	Shorttitle = {The Process of Database Refactoring: Strategies for Improving Database Quality},
	Title = {The Process of Database Refactoring: Strategies for Improving Database Quality},
	Url = {http://www.agiledata.org/essays/databaseRefactoring.html},
	Year = {2011},
	Bdsk-Url-1 = {http://www.agiledata.org/essays/databaseRefactoring.html}}

@misc{katzoff_how_2011,
	Author = {David Katzoff},
	Howpublished = {http://www.datamigrationpro.com/data-migration-articles/2009/11/30/how-to-implement-an-effective-data-migration-testing-strateg.html},
	Journal = {How to Implement an Effective Data Migration Testing Strategy},
	Month = mar,
	Shorttitle = {How to Implement an Effective Data Migration Testing Strategy},
	Title = {How to Implement an Effective Data Migration Testing Strategy},
	Url = {http://www.datamigrationpro.com/data-migration-articles/2009/11/30/how-to-implement-an-effective-data-migration-testing-strateg.html},
	Year = {2011},
	Bdsk-Url-1 = {http://www.datamigrationpro.com/data-migration-articles/2009/11/30/how-to-implement-an-effective-data-migration-testing-strateg.html}}

@misc{ashley_taking_2011,
	Author = {Nick Ashley},
	Howpublished = {http://dbdeploy.com/documentation/taking-control-of-your-database-development-white-paper/},
	Journal = {Taking Control of your Database Development},
	Month = mar,
	Shorttitle = {Taking Control of your Database Development},
	Title = {Taking Control of your Database Development},
	Url = {http://dbdeploy.com/documentation/taking-control-of-your-database-development-white-paper/},
	Year = {2011},
	Bdsk-Url-1 = {http://dbdeploy.com/documentation/taking-control-of-your-database-development-white-paper/}}
